@inproceedings{TCS14:stoughton,
 author = {Tasistro, Álvaro and Copello, Ernesto and Szasz, Nora},
 title = {{Formalisation in Constructive Type Theory of Stoughton’s Substitution for the Lambda Calculus}},
 booktitle = {?????},
 series = {?????},
 year = {2014},
 isbn = {?????},
 location = {?????},
 pages = {?????},
 numpages = {?????},
 url = {?????},
 doi = {?????},
 acmid = {?????},
 publisher = {?????},
 address = {?????},
 keywords = {?????},
} 

@article{GP02:newapproach,
author={Gabbay, Murdoch J. and Pitts, Andrew M.},
title={{A New Approach to Abstract Syntax with Variable Binding}},
journal={Formal Aspects of Computing},
volume={13},
number={3-5},
pages={341-363},
year={2002},
doi={10.1007/s001650200016},
url={http://dx.doi.org/10.1007/s001650200016},
publisher={Springer-Verlag},
keywords={Keywords: Abstract syntax; Alpha-conversion; Permutation actions; Set theory; Structural induction},
language={English},
issn={0934-5043},
}

@article{UPG04:nominalunification,
  author = {Christian Urban and Andrew M. Pitts and Murdoch Gabbay},
  title = {{Nominal Unification}},
  journal = {Theoretical Computer Science},
  year = {2004},
  volume = {323},
  number = {1-3},
  pages = {473-497},
  doi = {http://dx.doi.org/10.1016/j.tcs.2004.06.016}
}

@article{pitts06:alpharecind,
 author = {Pitts, Andrew M.},
 title = {{Alpha-structural Recursion and Induction}},
 journal = {J. ACM},
 issue_date = {May 2006},
 volume = {53},
 number = {3},
 month = may,
 year = {2006},
 issn = {0004-5411},
 pages = {459--506},
 numpages = {48},
 url = {http://doi.acm.org/10.1145/1147954.1147961},
 doi = {10.1145/1147954.1147961},
 acmid = {1147961},
 publisher = {ACM},
 address = {New York, NY, USA},
 keywords = {Abstract syntax, binders, induction, names, recursion},
} 


@article{pitts03:nominallogic,
title = {{Nominal Logic, a First Order Theory of Names and Binding }},
journal = "Information and Computation ",
volume = "186",
number = "2",
pages = "165 - 193",
year = "2003",
note = "Theoretical Aspects of Computer Software (TACS 2001) ",
issn = "0890-5401",
doi = "http://dx.doi.org/10.1016/S0890-5401(03)00138-X",
url = "http://www.sciencedirect.com/science/article/pii/S089054010300138X",
author = "Andrew M. Pitts",
keywords = "Abstract syntax",
keywords = "Variable binding",
keywords = "Permutation",
keywords = "Fresh names "
}



@article{deBuijn72:lambdacalculus,
  author = {N. G. de Bruijn},
  title = {Lambda Calculus Notation with Nameless Dummies, A Tool for Automatic Formula Manipulation, With Applications to the Church-Rosser Theorem},
  journal = {Indagationes Mathematicae (Koninglijke Nederlandse Akademie van Wetenschappen)},
  year = {1972},
  volume = {34},
  number = {5},
  pages = {381--392},
  note = {http://www.win.tue.nl/automath/archive/pdf/aut029.pdfElectronic Edition}
}




@inproceedings{aydemir08:engineering,
 author = {Aydemir, Brian and Chargu{\'e}raud, Arthur and Pierce, Benjamin C. and Pollack, Randy and Weirich, Stephanie},
 title = {Engineering Formal Metatheory},
 booktitle = {Proceedings of the 35th Annual ACM SIGPLAN-SIGACT Symposium on Principles of Programming Languages},
 series = {POPL '08},
 year = {2008},
 isbn = {978-1-59593-689-9},
 location = {San Francisco, California, USA},
 pages = {3--15},
 numpages = {13},
 url = {http://doi.acm.org/10.1145/1328438.1328443},
 doi = {10.1145/1328438.1328443},
 acmid = {1328443},
 publisher = {ACM},
 address = {New York, NY, USA},
 keywords = {binding, coq, locally nameless},
} 

@InProceedings{aydemir:nominalcoq,
  author =      {Brian Aydemir and Aaron Bohannon and Stephanie Weirich},
  title =       {Nominal Reasoning Techniques in {Coq}},
  booktitle =   {International Workshop on Logical Frameworks and 
                  Meta-Languages:Theory and Practice (LFMTP) },
  year =        2006,
  address =     {Seattle, WA, USA},
  month =       aug
}

@inproceedings{UN05:formaltreatment,
  author    = {Christian Urban and Michael Norrish},
  title     = {A Formal Treatment of the Barendregt Variable Convention in Rule Inductions},
  booktitle = {{ACM} {SIGPLAN} International Conference on Functional Programming, 
               Workshop on Mechanized reasoning about languages with variable binding,
               {MERLIN} 2005, Tallinn, Estonia, September 30, 2005},
  year      = {2005},
  pages     = {25--32},
  crossref  = {DBLP:conf/icfp/2005merlin},
  url       = {http://doi.acm.org/10.1145/1088454.1088458},
  doi       = {10.1145/1088454.1088458},
  timestamp = {Mon, 13 Oct 2014 14:42:24 +0200},
  biburl    = {http://dblp.uni-trier.de/rec/bib/conf/icfp/UrbanN05},
  bibsource = {dblp computer science bibliography, http://dblp.org}
}

@INPROCEEDINGS{Norrish04recursivefunction,
    author = {Michael Norrish},
    title = {Recursive function definition for types with binders},
    booktitle = {In Seventeenth International Conference on Theorem Proving in Higher Order Logics},
    year = {2004},
    pages = {241--256}
}

@article{Norrish:mechanisinglambda,
year={2006},
issn={1388-3690},
journal={Higher-Order and Symbolic Computation},
volume={19},
number={2-3},
doi={10.1007/s10990-006-8745-7},
title={Mechanising λ-calculus using a classical first order theory of terms with permutations},
url={http://dx.doi.org/10.1007/s10990-006-8745-7},
publisher={Kluwer Academic Publishers},
author={Norrish, Michael},
pages={169-195},
language={English}
}


@proceedings{DBLP:conf/icfp/2005merlin,
  editor    = {Randy Pollack},
  title     = {{ACM} {SIGPLAN} International Conference on Functional Programming,
               Workshop on Mechanized reasoning about languages with variable binding,
               {MERLIN} 2005, Tallinn, Estonia, September 30, 2005},
  year      = {2005},
  publisher = {{ACM}},
  timestamp = {Mon, 13 Oct 2014 14:42:24 +0200},
  biburl    = {http://dblp.uni-trier.de/rec/bib/conf/icfp/2005merlin},
  bibsource = {dblp computer science bibliography, http://dblp.org}
}

@article{urban08:nominaltechniques,
  author    = {Christian Urban},
  title     = {Nominal Techniques in Isabelle/HOL},
  journal   = {J. Autom. Reasoning},
  year      = {2008},
  volume    = {40},
  number    = {4},
  pages     = {327--356},
  url       = {http://dx.doi.org/10.1007/s10817-008-9097-2},
  doi       = {10.1007/s10817-008-9097-2},
  timestamp = {Mon, 13 Oct 2014 14:41:29 +0200},
  biburl    = {http://dblp.uni-trier.de/rec/bib/journals/jar/Urban08},
  bibsource = {dblp computer science bibliography, http://dblp.org}
}

@ARTICLE{mcKP99:somelambda,
  AUTHOR = {J. McKinna and R. Pollack},
  TITLE = {Some Lambda Calculus and Type Theory Formalized},
  JOURNAL = {Journal of Automated Reasoning},
  YEAR = 1999,
  VOLUME = 23,
  NUMBER = {3--4},
  MONTH = NOV,
  URL = {http://homepages.inf.ed.ac.uk/rpollack/export/McKinnaPollack99.ps.gz}
}


@article{chargueraud12locallynameless,
  author    = {Arthur Chargu{\'{e}}raud},
  title     = {The Locally Nameless Representation},
  journal   = {J. Autom. Reasoning},
  year      = {2012},
  volume    = {49},
  number    = {3},
  pages     = {363--408},
  url       = {http://dx.doi.org/10.1007/s10817-011-9225-2},
  doi       = {10.1007/s10817-011-9225-2},
  timestamp = {Mon, 06 Oct 2014 14:52:53 +0200},
  biburl    = {http://dblp.uni-trier.de/rec/bib/journals/jar/Chargueraud12},
  bibsource = {dblp computer science bibliography, http://dblp.org}
}

@book{mlof84:bibliopolis,
  title={Intuitionistic type theory},
  author={Martin-L{\"o}f, P. and Sambin, G.},
  series={Studies in Proof Theory},
  url={http://books.google.com.uy/books?id=\_D0ZAQAAIAAJ},
  year={1984},
  publisher={Bibliopolis}
}

@article{landin66:next700,
 author = {Landin, P. J.},
 title = {The Next 700 Programming Languages},
 journal = {Commun. ACM},
 issue_date = {March 1966},
 volume = {9},
 number = {3},
 month = mar,
 year = {1966},
 issn = {0001-0782},
 pages = {157--166},
 numpages = {10},
 url = {http://doi.acm.org/10.1145/365230.365257},
 doi = {10.1145/365230.365257},
 acmid = {365257},
 publisher = {ACM},
 address = {New York, NY, USA},
} 

@article{fordM01:pvs,
  author    = {Jonathan M. Ford and Ian A. Mason},
  title     = {Operational Techniques in {PVS} - {A} Preliminary Evaluation},
  journal   = {Electr. Notes Theor. Comput. Sci.},
  year      = {2001},
  volume    = {42},
  pages     = {124--142},
  url       = {http://dx.doi.org/10.1016/S1571-0661(04)80882-X},
  doi       = {10.1016/S1571-0661(04)80882-X},
  timestamp = {Mon, 06 Oct 2014 05:11:57 +0200},
  biburl    = {http://dblp.uni-trier.de/rec/bib/journals/tcs/FordM01},
  bibsource = {dblp computer science bibliography, http://dblp.org}
}

@INPROCEEDINGS{homeier01:ChRHOL,
    author = {Peter V. Homeier},
    title = {A Proof of the Church-Rosser Theorem for the Lambda Calculus in Higher Order Logic},
    booktitle = {TPHOLs’01: Supplemental Proceedings},
    year = {2001},
    pages = {207--222}
}

@book{bar84:lambda,
  title={The Lambda Calculus: Its Syntax and Semantics},
  author={Barendregt, H.P.},
  isbn={9780080933757},
  series={Studies in Logic and the Foundations of Mathematics},
  year={1985},
  publisher={Elsevier Science}
}


@article{stoughton88:substitutionrevisited,
  author    = {A. Stoughton},
  title     = {Substitution Revisited},
  journal   = {Theor. Comput. Sci.},
  volume    = {59},
  year      = {1988},
  pages     = {317-325},
  ee        = {http://dx.doi.org/10.1016/0304-3975(88)90149-1},
  bibsource = {DBLP, http://dblp.uni-trier.de}
}

@article{church32,
  author = {A. Church},
  title = {A Set of Postulates for the Foundation of Logic Part I},
  journal = {Annals of Mathematics},
  year = {1932},
  volume = {33},
  number = {2},
  pages = {346--366},
  note = {http://www.jstor.org/stable/1968702Electronic Edition},
  url = {http://www.jstor.org/stable/1968702}
}

@book{curry58:combinatory,
  author = {H. B. Curry and R. Feys},
  title = {Combinatory Logic, Volume I},
  publisher = {North-Holland},
  year = {1958},
  pages = {xvi+417},
  note = {Second printing 1968}
}


@book{frege79:begriffsschrift,
  author = {G. Frege},
  title = {Begriffsschrift, eine der Arithmetischen Nachgebildete Formelsprache des Reinen Denkens},
  publisher = {Halle},
  year = {1879},
  note = {English translation in From Frege to Gödel, a Source Book in Mathematical Logic (J. van Heijenoort, Editor), Harvard University Press, Cambridge, 1967, pp. 1--82}
}

@book{gentzen69:collected,
 author		= {Gentzen, Gerhard},
 title		= {The Collected Papers of {G}erhard {G}entzen},
 publisher	= {North-Holland},
 series		= {Studies in Logic and the Foundations of Mathematics},
 year		= 1969,
 note		= {Edited by M. E. Szabo}}

@book{prawitz65:naturaldeduction,
 author		= {Prawitz, Dag},
 title		= {Natural Deduction: a Proof-Theoretical Study},
 publisher	= {Almquist and Wiskell},
 series		= {Stockholm Studies in Philosophy},
 number		= 3,
 year		= 1965}

@misc{lee,
  author = {Gyesik Lee},
  title  = {Proof Pearl: Substitution Revisited, Again},
  note   = {Hankyong National University, Korea, Available from: http://formal.hknu.ac.kr/Publi/Stoughton.pdf}
}

@book{krivine93:lambdacalculus,
  author    = {Jean{-}Louis Krivine},
  title     = {Lambda-calculus, types and models},
  series    = {Ellis Horwood series in computers and their applications},
  year      = {1993},
  publisher = {Masson},
  isbn      = {978-0-13-062407-9},
  timestamp = {Mon, 20 Oct 2014 04:23:49 +0200},
  biburl    = {http://dblp.uni-trier.de/rec/bib/books/daglib/0071545},
  bibsource = {dblp computer science bibliography, http://dblp.org}
}

@phdthesis{norell07:agda,
  author  = {Ulf Norell},
  title	  = {Towards a practical programming language based on dependent type
	     theory},
  school  = {Department of Computer Science and Engineering, Chalmers University of Technology},
  year	  = 2007,
  month	  = {September},
  address = {SE-412 96 G\"{o}teborg, Sweden}
}


@other{coq,
  title = {The Coq Proof Assistant},
  url = {http://coq.inria.fr/}
}

@Manual{Coq:manual,
  title =        {The Coq proof assistant reference manual},
  author =       {\mbox{The Coq development team}},
  organization = {LogiCal Project},
  note =         {Version 8.0},
  year =         {2012},
  url =          "http://coq.inria.fr"
}

@incollection{coquand91:conversion,
  AUTHOR = {T. Coquand},
  TITLE = {An Algorithm for Testing Conversion in Type Theory},
  YEAR = 1991,
  BOOKTITLE = {Logical Frameworks},
  EDITOR = {G. Huet and G. Plotkin},
  PUBLISHER = {Cambridge University Press},
  ADDRESS = {Cambridge},
  PAGES = {255-279},
  KEYWORDS = {}}

@article{vestergaard91:confluence,
  author    = {Ren{\'e} Vestergaard and James Brotherston},
  title     = {A formalised first-order confluence proof for the $\lambda$-calculus 
               using one-sorted variable names},
  journal   = {Inf. Comput.},
  volume    = {183},
  number    = {2},
  year      = {2003},
  pages     = {212-244},
  ee        = {http://dx.doi.org/10.1016/S0890-5401(03)00023-3},
  bibsource = {DBLP, http://dblp.uni-trier.de}
}


@book{ebbinghaus94:mathematicallogic,
  author    = {Heinz{-}Dieter Ebbinghaus and J{\"{o}}rg Flum and Wolfgang Thomas},
  title     = {Mathematical logic {(2.} ed.)},
  series    = {Undergraduate texts in mathematics},
  year      = {1994},
  publisher = {Springer},
  isbn      = {978-3-540-94258-0},
  timestamp = {Mon, 20 Oct 2014 04:48:57 +0200},
  biburl    = {http://dblp.uni-trier.de/rec/bib/books/daglib/0080659},
  bibsource = {dblp computer science bibliography, http://dblp.org}
}

@article{revesz85:axioms,
  author    = {Gy{\"{o}}rgy E. R{\'{e}}v{\'{e}}sz},
  title     = {Axioms for the Theory of Lambda-Conversion},
  journal   = {{SIAM} J. Comput.},
  year      = {1985},
  volume    = {14},
  number    = {2},
  pages     = {373--382},
  url       = {http://dx.doi.org/10.1137/0214028},
  doi       = {10.1137/0214028},
  timestamp = {Mon, 20 Oct 2014 04:52:07 +0200},
  biburl    = {http://dblp.uni-trier.de/rec/bib/journals/siamcomp/Revesz85},
  bibsource = {dblp computer science bibliography, http://dblp.org}
}



@MISC{SPSS13:viewing,
    author = {Masahiko Sato, Randy Pollack, Helmut Schwichtenberg and Takafumi Sakurai},
    title = {Viewing Lambda-terms Through Maps},
    note =  {Available from http://homepages.inf.ed.ac.uk/rpollack/export/Maps\_SatoPollackSchwichtenbergSakurai.pdf},
    year = {2013}
}


